@inproceedings{cvpr15facenet,
  title={Facenet: A unified embedding for face recognition and clustering},
  author={Schroff, Florian and Kalenichenko, Dmitry and Philbin, James},
  booktitle={Proceedings of the IEEE conference on computer vision and pattern recognition},
  pages={815--823},
  year={2015}
}
@inproceedings{cvpr16triplet,
  title={Deep relative distance learning: Tell the difference between similar vehicles},
  author={Liu, Hongye and Tian, Yonghong and Yang, Yaowei and Pang, Lu and Huang, Tiejun},
  booktitle={Proceedings of the IEEE Conference on Computer Vision and Pattern Recognition},
  pages={2167--2175},
  year={2016}
}
@inproceedings{cvpr17beyond,
  title={Beyond triplet loss: a deep quadruplet network for person re-identification},
  author={Chen, Weihua and Chen, Xiaotang and Zhang, Jianguo and Huang, Kaiqi},
  booktitle={Proc. CVPR},
  volume={2},
  year={2017}
}
@inproceedings{iccv17triplet,
  title={Triplet-based Deep Similarity Learning for Person Re-Identification},
  author={Liao, Wentong and Yang, Michael Ying and Zhan, Ni and Rosenhahn, Bodo},
  booktitle={Proceedings of the IEEE Conference on Computer Vision and Pattern Recognition},
  pages={385--393},
  year={2017}
}